@article{article:scivi,
  title     = {Adaptive Scientific Visualization System for Desktop Computers and Mobile Devices},
  author    = {Ryabinin, K. and Chuprina, S.},
  journal   = {Procedia Computer Science},
  volume    = {18},
  pages     = {722--731},
  year      = {2013},
  publisher = {Elsevier}
}

@online{web:esp-core,
  title  = {Arduino core for ESP8266 WiFi chip},
  author = {Grokhotkov, I. and others},
  url    = {https://github.com/esp8266/Arduino}
}

@online{web:arduino-eeprom,
  title  = {EEPROM Library},
  author = {{Arduino Software}},
  url    = {https://docs.arduino.cc/learn/built-in-libraries/eeprom}
}

@online{web:MIT,
  title  = {MIT License},
  author = {{Massachusetts Institute of Technology}},
  year   = {1988},
  url    = {https://opensource.org/license/mit/}
}

@online{web:eemanager,
  title  = {EEManager},
  author = {AlexGyver},
  year   = {2021},
  url    = {https://github.com/GyverLibs/EEManager}
}

@incollection{incollection:eeprom-proposal,
  booktitle = {Proceedings of the 3rd Conference on Solid State Devices},
  title     = {Proposal of electrically reprogrammable non-volatile semiconductor memory},
  author    = {Tarui, Yasuo and Hayashi, Yutaka and Nagai, Kiyoko},
  pages     = {155--162},
  year      = {1971},
  location  = {Tokyo},
  publisher = {The Japan Society of Applied Physics}
}

@article{article:eeprom,
  title   = {Electrically reprogrammable nonvolatile semiconductor memory},
  author  = {Tarui, Yasuo and Hayashi, Yutaka and Nagai, Kiyoko},
  journal = {IEEE Journal of Solid-State Circuits},
  volume  = {7},
  issue   = {5},
  pages   = {369--375},
  year    = {1972}
}

% вроде, часть книги, но хз, не нашёл её
@online{web:circular-buffer,
  title  = {AVR101: High Endurance EEPROM Storage},
  author = {{Atmel Corporation}},
  year   = {2002},
  url    = {http://ww1.microchip.com/downloads/en/appnotes/doc2526.pdf}
}

@online{web:eeprom-wear-level,
  title  = {EEPROMWearLevel},
  author = {Peter Rosenberg},
  year   = {2016},
  url    = {https://github.com/PRosenb/EEPROMWearLevel}
}

@online{web:apache-license-2.0,
  title  = {Apache License, Version 2.0},
  author = {{The Apache Software Foundation}},
  year   = {2004},
  url    = {https://www.apache.org/licenses/LICENSE-2.0}
}

@online{web:usage-of-esp-eeprom,
  title  = {ESP8266: Read and Write from/to EEPROM (Flash Memory)},
  author = {Sebastian Hirnschall},
  year   = {2021},
  url    = {https://blog.hirnschall.net/esp8266-eeprom/}
}

@online{web:esp-eeprom-src,
  title  = {ESP8266 EEPROM Library},
  author = {Ivan Grokhotkov},
  year   = {2014},
  url    = {https://github.com/esp8266/Arduino/tree/master/libraries/EEPROM}
}

@incollection{incollection:flash-memory,
  booktitle = {1984 International Electron Devices Meeting},
  title     = {A new flash E2PROM cell using triple polysilicon technology},
  author    = {F. Masuoka and M. Asano and H. Iwahashi and T. Komuro and S. Tanaka},
  pages     = {464--467},
  year      = {1984},
  location  = {San Francisco, CA, USA},
  publisher = {IEEE}
}

@article{article:scivi-overview,
  author  = {Ryabinin. Konstantin and Chumakov, Roman and Belousov, Konstantin and Kolesnik, Mariia},
  journal = {Frontiers in Artificial Intelligence and Applications},
  title   = {Ontology-Driven Visual Analytics Platform for Semantic Data Mining and Fuzzy Classification},
  volume  = {358},
  year    = {2022},
  pages   = {1--7}
}
