@article{article:scivi,
  title={Adaptive Scientific Visualization System for Desktop Computers and Mobile Devices},
  author={Ryabinin K., Chuprina S.},
  journal={Procedia Computer Science.},
  volume={18},
  pages={722--731},
  year={2013},
  publisher={Elsevier}
}